[gd_resource type="Resource" load_steps=13 format=2]

[ext_resource path="res://Backend/Enums/Types/Scripts/typing.gd" type="Script" id=1]
[ext_resource path="res://Backend/Enums/Types/Icons/bug_icon.png" type="Texture" id=2]
[ext_resource path="res://Backend/Enums/Types/Dark.tres" type="Resource" id=3]
[ext_resource path="res://Backend/Enums/Types/Steel.tres" type="Resource" id=4]
[ext_resource path="res://Backend/Enums/Types/Flying.tres" type="Resource" id=5]
[ext_resource path="res://Backend/Enums/Types/Poison.tres" type="Resource" id=6]
[ext_resource path="res://Backend/Enums/Types/Ghost.tres" type="Resource" id=7]
[ext_resource path="res://Backend/Enums/Types/Grass.tres" type="Resource" id=8]
[ext_resource path="res://Backend/Enums/Types/Psychic.tres" type="Resource" id=9]
[ext_resource path="res://Backend/Enums/Types/Fire.tres" type="Resource" id=10]
[ext_resource path="res://Backend/Enums/Types/Fighting.tres" type="Resource" id=11]
[ext_resource path="res://Backend/Enums/Types/Fairy.tres" type="Resource" id=12]


[resource]
script = ExtResource( 1 )
id = 6
name = ""
damage_relations = {
"double_damage_to": [ ExtResource( 8 ), ExtResource( 9 ), ExtResource( 3 ) ],
"half_damage_to": [ ExtResource( 11 ), ExtResource( 5 ), ExtResource( 6 ), ExtResource( 7 ), ExtResource( 4 ), ExtResource( 12 ), ExtResource( 10 ) ],
"no_damage_to": [  ]
}
icon = ExtResource( 2 )
